<record xmlns="http://www.loc.gov/MARC21/slim" xmlns:xsi="http://www.w3.org/2001/XMLSchema-instance" xsi:schemaLocation="http://www.loc.gov/MARC21/slim http://www.loc.gov/standards/marcxml/schema/MARC21slim.xsd"><leader>     nam a22        4500</leader><controlfield tag="001">6581260</controlfield><controlfield tag="003">NIC</controlfield><controlfield tag="006">m        d        </controlfield><controlfield tag="007">cr cn |||m|||a</controlfield><controlfield tag="008">150323s1907    tu      o     000 0 ara d</controlfield><datafield ind1=" " ind2=" " tag="040"><subfield code="a">NNU</subfield><subfield code="b">eng</subfield><subfield code="e">rda</subfield><subfield code="c">NNU</subfield></datafield><datafield ind1=" " ind2=" " tag="090"><subfield code="a">BP184.3</subfield><subfield code="b">.H25</subfield></datafield><datafield ind1="1" ind2=" " tag="100"><subfield code="6">880-01</subfield><subfield code="a">H&#803;alabi&#772;, Ibra&#772;hi&#772;m ibn Muh&#803;ammad,</subfield><subfield code="d">-1549 or 1550.</subfield></datafield><datafield ind1="1" ind2="0" tag="240"><subfield code="a">Ghunyat al-mutamalli&#772;</subfield></datafield><datafield ind1="1" ind2="0" tag="245"><subfield code="6">880-02</subfield><subfield code="a">Ha&#772;dha&#772; ghunyat al-mutamalli&#772; fi&#772; sharh&#803; Munyat al-mus&#803;alli&#772; al-mushtahir bi-sharh&#803; al-kabi&#772;r /</subfield><subfield code="c">li-Ibra&#772;hi&#772;m al-H&#803;alabi&#772;.</subfield></datafield><datafield ind1=" " ind2=" " tag="260"><subfield code="6">880-03</subfield><subfield code="a">Da&#772;r Sa&#699;a&#772;dat :</subfield><subfield code="b">&#699;A&#772;rif Afandi&#772;,</subfield><subfield code="c">1325 [1907 or 1908]</subfield></datafield><datafield ind1=" " ind2=" " tag="300"><subfield code="a">online resource (622 pages)</subfield></datafield><datafield ind1=" " ind2=" " tag="336"><subfield code="a">text</subfield><subfield code="2">rdacontent</subfield></datafield><datafield ind1=" " ind2=" " tag="337"><subfield code="a">computer</subfield><subfield code="2">rdamedia</subfield></datafield><datafield ind1=" " ind2=" " tag="338"><subfield code="a">online resource</subfield><subfield code="2">rdacarrier</subfield></datafield><datafield ind1=" " ind2=" " tag="500"><subfield code="6">880-04</subfield><subfield code="a">At head of title: H&#803;alabi&#772;-i kabi&#772;r.</subfield></datafield><datafield ind1=" " ind2=" " tag="500"><subfield code="a">Part of the Arabic Collections Online (ACO) project, contributed by Cornell University Libraries.</subfield></datafield><datafield ind1=" " ind2=" " tag="533"><subfield code="a">Electronic reproduction.</subfield><subfield code="b">New York, N.Y. :</subfield><subfield code="c">New York University,</subfield><subfield code="d">2015.</subfield><subfield code="5">NNU</subfield></datafield><datafield ind1=" " ind2="0" tag="650"><subfield code="a">Prayer</subfield><subfield code="x">Islam.</subfield></datafield><datafield ind1="1" ind2="0" tag="600"><subfield code="6">880-05</subfield><subfield code="a">Kashghari&#772;, Sadi&#772;d al-Di&#772;n,</subfield><subfield code="d">active 13th century?</subfield><subfield code="t">Munyat al-mus&#803;alli&#772; wa-ghunyat al-mubtadi&#700;.</subfield></datafield><datafield ind1="0" ind2="7" tag="630"><subfield code="a">Munyat al-mus&#803;alli&#772; wa-ghunyat al-mubtadi&#700; (Kashghari&#772;, Sadi&#772;d al-Di&#772;n)</subfield><subfield code="2">fast</subfield><subfield code="0">(OCoLC)fst01369619</subfield></datafield><datafield ind1=" " ind2="7" tag="650"><subfield code="a">Prayer</subfield><subfield code="x">Islam.</subfield><subfield code="2">fast</subfield><subfield code="0">(OCoLC)fst01074698</subfield></datafield><datafield ind1="2" ind2=" " tag="710"><subfield code="a">Cornell University.</subfield><subfield code="b">Libraries.</subfield></datafield><datafield ind1="0" ind2=" " tag="730"><subfield code="a">Arabic Collections Online.</subfield></datafield><datafield ind1="0" ind2="8" tag="776"><subfield code="i">Online version:</subfield><subfield code="a">H&#803;alabi&#772;, Ibra&#772;hi&#772;m ibn Muh&#803;ammad, -1549 or 50.</subfield><subfield code="s">Ghunyat al-mutamalli&#772;.</subfield><subfield code="t">Ha&#772;dha&#772; ghunyat al-mutamalli&#772; fi&#772; sharh&#803; Munyat al-mus&#803;alli&#772; al-mushtahir bi-sharh&#803; al-kabi&#772;r.</subfield><subfield code="d">Da&#772;r Sa&#699;a&#772;dat : &#699;A&#772;rif Afandi&#772;, 1325 [1907 or 1908]</subfield><subfield code="w">(OCoLC)817008595</subfield></datafield><datafield ind1="0" ind2="8" tag="776"><subfield code="i">Print version:</subfield><subfield code="a">H&#803;alabi&#772;, Ibra&#772;hi&#772;m ibn Muh&#803;ammad, -1549 or 1550.</subfield><subfield code="t">Ha&#772;dha&#772; ghunyat al-mutamalli&#772; fi&#772; sharh&#803; Munyat al-mus&#803;alli&#772; al-mushtahir bi-sharh&#803; al-kabi&#772;r</subfield><subfield code="w">(NIC)6581260</subfield><subfield code="w">(OCoLC)12443652</subfield></datafield><datafield ind1="4" ind2="0" tag="856"><subfield code="u">http://hdl.handle.net/2333.1/g79cnrkb</subfield></datafield><datafield ind1="1" ind2=" " tag="880"><subfield code="6">100-01</subfield><subfield code="a">&#1581;&#1604;&#1576;&#1610;&#1548; &#1573;&#1576;&#1585;&#1575;&#1607;&#1610;&#1605; &#1576;&#1606; &#1605;&#1581;&#1605;&#1583;&#1548;,</subfield><subfield code="d">-1549 or 1550.</subfield></datafield><datafield ind1="1" ind2="0" tag="880"><subfield code="6">245-02</subfield><subfield code="a">&#1607;&#1584;&#1575; &#1594;&#1606;&#1610;&#1577; &#1575;&#1604;&#1605;&#1578;&#1605;&#1604;&#1610; &#1601;&#1610; &#1588;&#1585;&#1581; &#1605;&#1606;&#1610;&#1577; &#1575;&#1604;&#1605;&#1589;&#1604;&#1610; &#1575;&#1604;&#1605;&#1588;&#1578;&#1607;&#1585; &#1576;&#1588;&#1585;&#1581; &#1575;&#1604;&#1603;&#1576;&#1610;&#1585; /</subfield><subfield code="c">&#1604;&#1573;&#1576;&#1585;&#1575;&#1607;&#1610;&#1605; &#1575;&#1604;&#1581;&#1604;&#1576;&#1610;.</subfield></datafield><datafield ind1=" " ind2=" " tag="880"><subfield code="6">260-03</subfield><subfield code="a">&#1583;&#1575;&#1585; &#1587;&#1593;&#1575;&#1583;&#1577; :</subfield><subfield code="b">&#1593;&#1575;&#1585;&#1601; &#1571;&#1601;&#1606;&#1583;&#1610;&#1548;</subfield><subfield code="c">1325 [1907 or 1908]</subfield></datafield><datafield ind1=" " ind2=" " tag="880"><subfield code="6">500-04</subfield><subfield code="a">At head of title:&#1581;&#1604;&#1576;&#1610;&#1575; &#1603;&#1576;&#1610;&#1585;.</subfield></datafield><datafield ind1="1" ind2="4" tag="880"><subfield code="6">600-05</subfield><subfield code="a">&#1603;&#1588;&#1594;&#1585;&#1610;&#1548; &#1587;&#1583;&#1610;&#1583; &#1575;&#1604;&#1583;&#1610;&#1606;&#1548;,</subfield><subfield code="d">active 13th century?</subfield><subfield code="t">&#1605;&#1606;&#1610;&#1577; &#1575;&#1604;&#1605;&#1589;&#1604;&#1610; &#1608;&#1594;&#1606;&#1610;&#1577; &#1575;&#1604;&#1605;&#1576;&#1578;&#1583;&#1574;.</subfield></datafield><datafield ind1=" " ind2=" " tag="959"><subfield code="a">NNU</subfield><subfield code="b">WEB</subfield><subfield code="c">GENI</subfield><subfield code="t">0</subfield><subfield code="m">Electronic access</subfield><subfield code="s">01</subfield></datafield><datafield ind1=" " ind2=" " tag="999"><subfield code="i">NIC_6581260</subfield><subfield code="o">(OCoLC)ocm12443652</subfield><subfield code="s">cornell_aco000306</subfield><subfield code="e">(ERROR-880)</subfield><subfield code="s">cornell_aco000306</subfield></datafield></record>